@book{Abbott2010,
        author = {Abbott, Barbara},
        title = {Reference},
        series={Oxford Surveys in Semantics and Pragmatics},
        number={2},
        publisher={Oxford University Press},
        year = {2010}
}

@article{Adams1970,
        author = {Adams, Ernest W.},
        journal = {Foundations of Language},
        pages = {89–94},
        title = {Subjunctive and indicative conditionals},
        volume = {6},
        year = {1970}
}

@book{Aikhenvald2004,
        address = {Oxford},
        author = {Aikhenvald, Alexandra Y.},
        publisher = {Oxford University Press},
        title = {Evidentiality},
        year = {2004}
}

@article{Akatsuka1985,
        author = {Akatsuka, Noriko},
        journal = {Language},
        pages = {625–639},
        title = {Conditionals and the epistemic scale},
        volume = {61},
        number={3},
        year = {1985}
}

@book{AllwoodEtAl1977,
        address = {Cambridge and New York},
        author = {Allwood, Jens and Lars-Gunnar Andersson and Östen Dahl},
        publisher = {Cambridge University Press},
        title = {Logic in linguistics},
        year = {1977}
}

@article{Arka2005,
        author = {Arka, I.  Wayan},
        journal = {Pragmatics},
        volume={15},
        url = {elanguage.net/journals/pragmatics/article/download/490/418},
        pages = {169-203},
        title = {Speech levels, social predicates and pragmatic structure in Balinese: a lexical approach},
        volume = {2/3},
        year = {2005}
}

@book{Ashton1944,
        address = {London},
        author = {Ashton, E. O.},
        publisher = {Longman},
        title = {Swahili grammar (including intonation)},
        year = {1944}
}

@article{Austin1956,
        author = {Austin, J. L.},
        journal = {Proceedings of the British Academy},
        pages = {107–132},
        title = {Ifs and cans},
        volume = {42},
        year = {1956}
}

@book{Austin1961,
        address = {Oxford},
        author = {Austin, J. L.},
        publisher = {Oxford University Press},
        note = {2nd edition, 1970},
        title = {Performative Utterances},
        booktitle ={Philosophical Papers},
        editor ={J. O. Urmson and G. J. Warnock},
        year = {1961}
}

@book{Austin1962,
        address = {Oxford: Clarendon Press and Cambridge, MA},
        author = {Austin, J. L.},
        publisher = {Harvard University Press},
        title = {\biberror{How to Do Things with Words, ed. J. O. Urmson and Marina Sbisá}},
        year = {1962}
}

@book{Bach1989,
        address = {Albany, NY},
        author = {Bach, Emmon},
        publisher = {State University of New York Press},
        title = {Informal lectures on formal semantics},
        year = {1989}
}

@article{Bach1994,
        author = {Bach, Kent},
        journal = {Mind and Language},
        pages = {124–162},
        title = {Conversational Impliciture},
        volume = {9},
        year = {1994}
}


@book{Bar-elEtAl2005,
        address = {Amherst, MA},
        author = {Bar-el, Leora and Henry Davis and Lisa Matthewson},
        url = {http://faculty.arts.ubc.ca/lmatthewson/pdf/accomplishments.pdf},
        publisher = {GLSA},
        title = {On non-culminating accomplishments},
        series ={Proceedings of the North Eastern Linguistics Society},
        number ={35},
        year = {2005}
}

@article{Bariki2008,
        author = {Bariki, Ozidi},
        journal = {International Journal of Translation},
        note = {67–75},
        pages = {1-2},
        title = {On the relationship between translation and pragmatics},
        volume = {20},
        year = {2008}
}

@incollection{Barker2002,
        author = {Barker, Chris},
        title = {Lexical Semantics},
        booktitle={Encyclopedia of Cognitive Science},
        publisher={Macmillan Reference Ltd},
        year = {2002}
}

@article{Barnes1984,
        author = {Barnes, Janet},
        journal = {International Journal of American Linguistics},
        pages = {255–271},
        title = {Evidentials in the {Tuyuca} verb},
        volume = {50},
        year = {1984}
}

@article{BarwiseCooper1981,
        author = {Barwise, Jon and Robin Cooper},
        journal = {Linguistics and Philosophy},
        pages = {159–219},
        title = {Generalized quantifiers in natural language},
        volume = {4},
        year = {1981}
}

@book{BeekmanCallow1974,
        address = {Grand Rapids, MI},
        author = {Beekman, John and John Callow},
        publisher = {Zondervan},
        title = {Translating the Word of {God}},
        year = {1974}
}

@article{Bennett1982,
        author = {Bennett, Jonathan},
        journal = {Linguistics and Philosophy},
        pages = {403–18},
        title = {Even if},
        volume = {5},
        year = {1982}
}

@book{Bennett2003,
        author = {Bennett, Jonathan},
        title = {A philosophical guide to conditionals},
        publisher={Oxford University Press},
        year = {2003}
}

@book{Birner20122013,
        address = {Malden, MA and Chichester, UK},
        author = {Birner, Betty J.},
        publisher = {Wiley-Blackwell},
        title = {Introduction to Pragmatics},
        year = {2012/2013}
}

@book{BlackburnEtAl2008,
        author = {Blackburn, P. and M. de Rijke and Y. Venema},
        title = {Modal Logic},
        publisher ={Cambridge University Press},
        year = {2008}
}

@book{Blum-KulkaEtAl1989,
        address = {New Jersey},
        editor = {Blum-Kulka, S. and  J. House and G. Kasper},
        publisher = {Ablex Publishing Corporation},
        title = {Cross-Cultural Pragmatics: Requests and Apologies},
        series ={Advances in Discourse Processes},
        number = {XXXI},
        year = {1989}
}

@article{Bohnemeyer2014,
        author = {Bohnemeyer, Jürgen},
        journal = {Natural Language and Linguistic Theory},
        pages = {917–954},
        title = {Aspect vs. relative tense: The case reopened},
        volume = {32},
        year = {2014}
}

@article{Bolinger1967,
        author = {Bolinger, Dwight},
        journal = {Lingua},
        pages = {1–34},
        title = {Adjectives in English: Attribution and predication},
        volume = {18},
        year = {1967}
}

@incollection{BrownLevinson1978,
        address = {Cambridge},
        author = {Brown, P. and S. Levinson},
        booktitle = {Questions and Politeness: Strategies of Social Interaction},
        editor = {E. N. Goody},
        pages = {56–289},
        publisher = {Cambridge University Press},
        title = {Universals in language usage: Politeness phenomena},
        year = {1978}
}

@article{Bross2012,
        author = {Bross, Fabian},
        pages = {182–209},
        title = {German modal particles and the common ground},
        journal ={Helikon: A Multidisciplinary Online Journal},
        volume = {2},
        year = {2012}
}


@book{BybeeEtAl1994,
        address = {Chicago},
        author = {Bybee, Joan L. and Revere Perkins and William Pagliuca},
        publisher = {University of Chicago Press},
        address ={Chicago},
        title = {The Evolution of Grammar: Tense, Aspect and Modality in the Languages of the World},
        year = {1994}
}

@book{Bybee1985,
        address = {Amsterdam},
        author = {Bybee, Joan},
        publisher = {John Benjamins},
        title = {Morphology: a study of the relation between meaning and form},
        year = {1985}
}

@article{Cable2013,
        author = {Cable, Seth},
        journal = {Natural Language Semantics},
        number = {3},
        pages = {219–276},
        title = {Beyond the past, present and future: towards the semantics of ‘graded tense’ in Gĩkũyũ},
        volume = {21},
        year = {2013}
}

@incollection{Cann2011,
        address = {Semantics},
        author = {Cann, Ronnie},
        publisher = {An International Handbook of Natural Language and Meaning},
        editor={Claudia Maienborn and Klaus von Heusinger and Paul Portner},
        publisher ={Walter de Gruyter},
        volume ={1},
        title = {Sense Relations},
        year = {2011}
}

@phdthesis{Carlson1977,
        author = {Carlson, Greg},
        title = {Reference to Kinds in English},
        school ={MIT},
        year = {1977}
}

@incollection{Carston1998,
        address = {Amsterdam},
        author = {Carston, Robyn},
        booktitle = {Relevance Theory: Applications and Implications},
        editor = {R. Carston and S. Uchida},
        pages = {179–236},
        publisher = {John Benjamins},
        title = {Informativeness, relevance and scalar implicature},
        year = {1998}
}

@book{Carston2002,
        address = {Oxford},
        author = {Carston, Robyn},
        publisher = {Blackwell},
        title = {Thoughts and Utterances: The Pragmatics of Explicit Communication},
        year = {2002}
}

@incollection{Carston2004,
        address = {Oxford},
        author = {Carston, Robyn},
        booktitle = {The Handbook of Pragmatics},
        editor = {L. Horn and G. Ward},
        pages = {633–656},
        publisher = {Blackwell},
        title = {Relevance theory and the saying/implicating distinction},
        year = {2004}
}

@incollection{CarstonHall2012,
        address = {Berlin},
        author = {Carston, Robyn and Alison Hall},
        booktitle = {Cognitive Pragmatics},
        number={4},
        series ={Handbooks in Pragmatics},
        editor = {Hans-Jörg Schmid},
        pages = {47–84},
        publisher = {Mouton de Gruyter},
        title = {Implicature and explicature},
        year = {2012}
}


@book{ChangKeisler1990,
        address = {Amsterdam},
        author = {Chang, Chen Chung and H. Jerome Keisler},
        publisher = {Elsevier},
        note ={First edition, 1973},
        title = {Model Theory},
        series ={Studies in Logic and the Foundations of Mathematics},
        number ={73},
        edition ={3},
        year = {1990}
}

@book{Chao1968,
        author = {Chao, Yuen-Ren},
        title = {A Grammar of Spoken Chinese},
        publisher={University of California Press},
        address ={Berkeley},
        year = {1968}
}

@article{Chen2009,
        author = {Chen, Chien-chou},
        journal = {Dong Hwa Journal of Humanities (東華人文學報},
        url = {ir.ndhu.edu.tw/bitstream/987654321/4910/1/14-247-294.pdf},
        pages = {247–94},
        title = {Experientiality and reversibility of the aspectual morpheme \textit{guo} in Mandarin Chinese: Temporal and atemporal perspectives},
        volume = {1},
        year = {2009}
}

@article{Chen1979,
        author = {Chen, Gwang-tsai},
        journal = {Journal of the Chinese Language Teachers Association},
        number = {2},
        pages = {27–46},
        title = {The aspect markers \textit{le}, \textit{guo} and \textit{zhe} in Mandarin Chinese},
        volume = {14},
        year = {1979}
}

@book{CherchiaMcConnell-Ginet1990,
        address = {Cambridge MA},
        author = {Cherchia, Gennaro and Sally McConnell-Ginet},
        publisher = {MIT Press},
        title = {Meaning and Grammar: An introduction to semantics},
        year = {1990}
}

@incollection{Chomsky1970,
        address = {Tokyo},
        author = {Chomsky, Noam},
        booktitle = {Studies in General and Oriental Linguistics, pp},
        editor = {R. Jakobson and S. Kawamoto},
        pages = {62–119},
        publisher = {TEC Corporation},
        title = {Deep structure, surface structure and semantic interpretation},
        year = {1970}
}

@book{Chu1998,
        address = {New York},
        author = {Chu, Chauncey},
        publisher = {Peter Lang Publishing},
        title = {A discourse grammar of Mandarin Chinese},
        year = {1998}
}


@book{Cole1982,
        address = {Amsterdam},
        author = {Cole, Peter},
        publisher = {North-Holland},
        title = {Imbabura Quechua},
        series={Lingua Descriptive Studies},
        number ={5},
        year = {1982}
}

@book{Comrie1976,
        author = {Comrie, Bernard},
        title = {Aspect},
        publisher={Cambridge University Press},
        year = {1976}
}

@book{Comrie1985,
        author = {Comrie, Bernard},
        title = {Tense},
        publisher={Cambridge University Press},
        year = {1985}
}

@misc{Coppock2016,
        author = {Coppock, Elizabeth},
        title = {Semantics boot camp},
        note ={Unpublished ms},
        year = {2016},
        url={http://eecoppock.info/semantics-boot-camp.pdf}
}

@book{CotterellTurner1989,
        address = {Illinois},
        author = {Cotterell, Peter and Max Turner},
        publisher = {InterVarsity Press},
        title = {Linguistics and Biblical Interpretation},
        year = {1989}
}

@book{CroftCruse2004,
        address = {Cambridge},
        author = {Croft, William and D. Alan Cruse},
        publisher = {Cambridge University Press},
        title = {Cognitive Linguistics},
        year = {2004}
}

@book{Cruse1986,
        address = {Cambridge},
        author = {Cruse, D. Alan},
        publisher = {Cambridge University Press},
        title = {Lexical Semantics},
        year = {1986}
}

@book{Cruse2000,
        address = {New York and Oxford},
        author = {Cruse, D. Alan},
        publisher = {Oxford University Press},
        title = {Meaning in language: An introduction to semantics and pragmatics},
        year = {2000}
}

@article{Cruse2004,
        author = {Cruse, D. Alan},
        title = {Lexical facets and metonymy},
        journal ={Revista Ilha do Desterro: A Journal of English Language, Literatures in English and Cultural Studies},
        pages = {73–96},
        volume = {47},
        year = {2004},
	url={http://www.periodicos.ufsc.br/index.php/desterro/article/view/7348/6770}
}


@book{deHaan1997,
        address = {New York},
        author = {de Haan, Ferdinand},
        publisher = {Garland},
        title = {The interaction of modality and negation},
        year = {1997}
}

@article{deHaan1999,
        author = {de Haan, Ferdinand},
        journal = {Southwest Journal of Linguistics},
        pages = {83–101},
        title = {Evidentiality and epistemic modality: Setting boundaries},
        volume = {18},
        year = {1999}
}

@incollection{deHaan2005,
        address = {Amsterdam},
        author = {de Haan, Ferdinand},
        booktitle = {Linguistic diversity and language theories},
        editor = {Z. Frajzyngier and D. Rood},
        pages = {379–397},
        publisher = {Benjamins},
        title = {Encoding speaker perspective: Evidentials},
        year = {2005}
}

@incollection{deHaan2006,
        address = {Berlin},
        author = {de Haan, Ferdinand},
        booktitle = {Modality},
        editor = {William Frawley},
        pages = {27–69},
        publisher = {Mouton de Gruyter},
        title = {Typological approaches to modality},
        year = {2006}
}

@article{deSwart1998,
        author = {De Swart, Henriette},
        journal = {Natural Language and Linguistic Theory},
        pages = {347–385},
        title = {Aspect Shift and Coercion},
        volume = {16},
        year = {1998}
}

@book{Declerck1991,
        address = {London},
        author = {Declerck, Renaat},
        publisher = {Routledge},
        title = {Tense in English},
        year = {1991}
}

@misc{DeLancey1995,
        author = {DeLancey, Scott},
        title = {Verbal Case Frames in English and Tibetan},
        note={Unpublished ms., Department of Linguistics, University of Oregon, Eugene, OR.},
        year = {1995}
}

@article{DeLancey2000,
        author = {DeLancey, Scott},
        journal = {Logos and Language},
        volume = {1},
        pages = {1-15},
        title = {The universal basis of case},
        number = {2},
        year = {2000}
}

@article{Dell1983,
        author = {Dell, Francois},
        journal = {Oceanic Linguistics},
        pages = {175–206},
        title = {An aspectual distinction in Tagalog},
        volume = {22-23},
        year = {1983}
}

@article{DeRoseGrandy1999,
        author = {DeRose, Keith and Richard E. Grandy},
        journal = {Noûs},
        number = {3},
        pages = {405–420},
        title = {Conditional assertions and “biscuit” conditionals},
        volume = {33},
        year = {1999}
}

@book{Dowty1979,
        address = {Dordrecht and Boston},
        author = {Dowty, David R.},
        publisher = {Reidel},
        title = {Word meaning and Montague grammar: the semantics of verbs and times in generative semantics and in Montague's PTQ},
        year = {1979}
}

@article{Dowty1991,
        author = {Dowty, David},
        journal = {Language},
        pages = {547–619},
        title = {Thematic proto-roles and argument selection},
        volume = {67},
        year = {1991}
}

@book{DowtyEtAl1981,
        address = {Dordrecht},
        author = {Dowty, David R., Robert E. Wall and Stanley Peters},
        publisher = {Reidel},
        title = {Introduction to Montague Semantics},
        year = {1981}
}

@misc{Drubig2001,
        author = {Drubig, Hans B.},
        title = {On the syntactic form of epistemic modality},
        note ={Unpublished ms. Tübingen, University of Tübingen},
        year = {2001}
}

@incollection{EbertEtAl2008,
        author = {Ebert, Christian and Cornelia Endriss and Stefan Hinterwimmer},
        title = {A unified analysis of indicative and biscuit conditionals as topics},
        booktitle={Proceedings of Semantics and Linguistic Theory 18},
        editor={Tova Friedman and Satoshi Ito},
        year = {2008}
}

@book{Enderton1977,
        address = {New York},
        author = {Enderton, Herbert B.},
        publisher = {Academic Press},
        title = {Elements of set theory},
        year = {1977}
}


@article{Ernst2009,
        author = {Ernst, Thomas},
        journal = {Natural Language and Linguistic Theory},
        doi={10.1007/s11049-009-9069-1},
        pages = {497–544},
        title = {Speaker-oriented adverbs},
        volume = {27},
        year = {2009}
}

@phdthesis{Faller2002,
        school = {Stanford},
        author = {Faller, Martina},
        school = {Department of Linguistics, Stanford University},
        title = {Semantics and pragmatics of evidentials in Cuzco Quechua},
        year = {2002},
        url ={http://personalpages.manchester.ac.uk/staff/martina.t.faller/documents/thesis-a4.pdf}
}




@misc{Faller2006,
        author = {Faller, Martina},
        title = {Evidentiality above and below speech acts},
	url = {http://semanticsarchive.net/Archive/GZiZjBhO/},
        year = {2006}
}

@book{Finegan1999,
        address = {Fort Worth},
        author = {Finegan, Edward},
        publisher = {Harcourt Brace College Publishers},
        title = {Language: Its Structure and Use},
        volume ={3},
        year = {1999}
}

@article{FodorSag1982,
        author = {Fodor, Janet and Ivan Sag},
        journal = {Linguistics and Philosophy},
        pages = {355–398},
        title = {Referential and quantificational indefinites},
        volume = {5},
        year = {1982}
}

@book{Fodor1975,
        address = {New York},
        author = {Fodor, Jerry A.},
        publisher = {Crowell},
        title = {The Language of Thought},
        year = {1975}
}

@book{Fortescue1984,
        address = {London},
        author = {Fortescue, Michael},
        publisher = {Croom Helm},
        title = {West Greenlandic},
        series={Croom Helm Descriptive Grammars},
        year = {1984}
}

@phdthesis{Fortin2011,
        author = {Fortin, Antonio},
        title = {The Morphology and Semantics of Expressive Affixes},
        school={University of Oxford},
        year = {2011}
}

@book{Frawley1992,
        address = {Hillsdale, NJ, Hove and London},
        author = {Frawley, William},
        publisher = {Lawrence Erlbaum},
        title = {Linguistic semantics},
        year = {1992}
}

@article{Frege1918,
        author = {Frege, Gottlob},
        note = {Translated by Peter Geach in \textit{Mind} 55 (1956)},
        pages = {289-311},
        title = {The thought: A logical inquiry},
        year = {1918-19}
}

@book{Gamut1991a,
        title = {Logic, Language and Meaning},
        volume ={I},
        author = {Gamut, L. T. F.},
        publisher = {Introduction to Logic},
        address={Chicago},
        publisher={University of Chicago Press},
        year = {1991}
}

@book{Gamut1991b,
        address = {Logic, Language and Meaning},
        volume = {II},
        author = {Gamut, L. T. F.},
        publisher = {Intensional Logic and Logical Grammar. University of Chicago Press},
        year = {1991}
}

@book{GassNeu2006,
        address = {Speech acts across cultures},
        editor = {Gass, Susan and Joyce Neu},
        publisher = {Challenges to communication in a second language},
        publisher={Walter de Gruyter},
        year = {2006}
}

@book{Gazdar1979,
        address = {New York},
        author = {Gazdar, Gerald},
        publisher = {Academic Press},
        title = {Pragmatics: Implicature, presupposition and logical form},
        year = {1979}
}

@book{Geurts2011,
        author = {Geurts, Bart},
        title = {Quantity implicatures},
	publisher={Cambridge University Press},
        year = {2011}
}

@incollection{GeurtsBeaver2011,
        author = {Geurts, Bart and David Beaver},
        title = {Presupposition},
        editor={E. Zalta},
        booktitle={The Stanford Encyclopedia of Philosophy},
        publisher={Stanford University},
        url = {http://plato.stanford.edu/entries/presupposition/},
        year = {2011}
}

@incollection{Giannakidou2011,
        address = {Berlin, Boston},
        author = {Giannakidou, Anastasia},
        booktitle = {Tense Across Languages},
        editor = {Musan, Renate and Monika Rathert},
        pages = {59–90},
        publisher = {De Gruyter},
        title = {(Non)veridicality and mood choice: subjunctive, polarity and time},
        year = {2011}
}

@article{Gillon1990,
        author = {Gillon, Brendan},
        journal = {Synthese},
        pages = {391–416},
        title = {Ambiguity, Generality and Indeterminacy: Tests and Definitions},
        volume = {85},
        year = {1990}
}

@article{Givón1972,
        author = {Givón, Talmy},
        journal = {Studies in African linguistics, supplement},
        pages = {1–247},
        title = {Studies in ChiBemba and Bantu grammar},
        volume = {3},
        year = {1972}
}
@article{Gomes2008,
        author = {Gomes, Gilberto},
        journal = {Cognitive Linguistics},
        number = {2},
        pages = {219–40},
        title = {Three types of conditionals and their verb forms in English and Portuguese},
        volume = {19},
        year = {2008}
}
@article{Grice1961,
        author = {Grice, H. Paul},
        journal = {Arisotelian Society Supplement},
        url={http://www.jstor.org/stable/4106682},
        pages = {121–152},
        title = {The causal theory of perception},
        volume = {35},
        year = {1961}
}

@incollection{Grice1975,
        address = {New York},
        author = {Grice, H. Paul},
        booktitle = {Syntax and semantics 3: Speech acts},
        editor = {Cole, Peter and Jerry L. Morgan},
        pages = {41-58},
        publisher = {Academic Press},
        title = {Logic and conversation},
        year = {1975}
}



@book{Gutzmann2015,
        address = {Oxford},
        author = {Gutzmann, Daniel},
        publisher = {Oxford University Press},
        title = {Use-conditional meaning: Studies in multidimensional semantics},
        series ={Oxford Studies in Semantics and Pragmatics},
        number={6},
        year = {2015}
}
@article{Haegeman2010a,
        author = {Haegeman, Liliane},
        journal = {Lingua},
        pages = {628–648},
        title = {The internal syntax of adverbial clauses},
        volume = {120},
        year = {2010}
}
@book{HaleKeyser1987,
        address = {Cambridge, MA},
        author = {Hale, Kenneth L. and Samuel J. Keyser},
        publisher = {Center for Cognitive Science, MIT Press},
        title = {A view from the middle},
        series={Lexicon Project Working Papers},
        number={10},
        year = {1987}
}
@book{Halmos1960,
        address = {Princeton, NJ},
        author = {Halmos, Paul},
        publisher = {D. Van Nostrand Company},
        note ={Reprinted by Springer-Verlag, New York, 1974},
        title = {Naive set theory},
        year = {1960}
}
@incollection{Harada1976,
        address = {New York},
        author = {Harada, S.-I},
        booktitle = {Japanese Generative Grammar},
        series ={Syntax and Semantics},
        number={5},
        editor = {Masayoshi Shibatani},
        pages = {499-561},
        publisher = {Academic Press},
        title = {Honorifics},
        year = {1976}
}
@article{HardyGordon1980,
        author = {Hardy, Heather K. and Lynn Gordon},
        journal = {International Journal of American Linguistics},
        pages = {183–196},
        title = {Types of adverbial and modal constructions in Tolkapaya},
        volume = {46},
        number={3},
        year = {1980}
}
@book{HartmannJames1998,
        address = {London and New York},
        author = {Hartmann, R. R. K. and  Gregory James},
        publisher = {Routledge},
        title = {Dictionary of Lexicography},
        year = {1998}
}
@book{HeimKratzer1998,
        address = {Oxford},
        author = {Heim, Irene and Angelika Kratzer},
        publisher = {Basil Blackwell},
        title = {Semantics in Generative Grammar},
        year = {1998}
}
@book{Hjelmslev1953,
        note = {[first published in Danish in 1943; 2nd English edition (slightly rev.): Madison},
        author = {Hjelmslev, Louis},
        number = {7},
        publisher = {University of Wisconsin Press, 1961]},
        series = {IJAL Memoir},
        title = {[1943]. Prolegomena to a Theory of Language. Baltimore: Indiana University Publications in Anthropology and Linguistics},
        year = {1953}
}
@book{Hockett1958,
        address = {New York},
        author = {Hockett, Charles F.},
        publisher = {Macmillan},
        title = {A course in modern linguistics},
        year = {1958}
}
@article{Hockett1960,
        author = {Hockett, Charles F.},
        journal = {Scientific American},
        pages = {88–96},
        title = {The origin of speech},
        volume = {203},
        year = {1960}
}
@book{Hodges1997,
        address = {Cambridge},
        author = {Hodges, Wilfrid},
        publisher = {Cambridge University Press},
        title = {A shorter model theory},
        year = {1997}
}
@phdthesis{Horn1972,
        author = {Horn, Laurence R.},
        title = {On the semantic properties of logical operators in English},
        school={University of California, Los Angeles},
        year = {1972}
}
@article{Horn1985,
        author = {Horn, Laurence R.},
        journal = {Language},
        pages = {121–174},
        title = {Metalinguistic negation and pragmatic ambiguity},
        volume = {61},
        year = {1985}
}
@book{Horn1989,
        address = {Chicago},
        author = {Horn, Laurence R.},
        publisher = {University of Chicago Press},
        title = {A Natural History of Negation},
        year = {1989}
}
@incollection{Horn2004,
        address = {Oxford},
        author = {Horn, Laurence R.},
        booktitle = {The Handbook of Pragmatics, pp},
        editor = {L. R. Horn and G. Ward},
        pages = {3–28},
        publisher = {Blackwell Publishing},
        title = {Implicature},
        year = {2004}
}
@article{HuangDavis1989,
        author = {Huang, Lillian Meei Jin and Davis, Philip W.},
        journal = {Journal of Chinese Linguistics},
        pages = {128–66},
        title = {An aspectual system in Mandarin Chinese},
        volume = {17},
        year = {1989}
}

@book{HuddlestonPullum2002,
        address = {Cambridge},
        author = {Rodney Huddleston and Geoffrey K. Pullum},
        publisher = {Cambridge University Press},
        title = {The Cambridge Grammar of the English Language},
        year = {2002}
}
@phdthesis{Iatridou1991,
        author = {Iatridou, Sabine},
        title = {Topics in conditionals},
        school={MIT},
        year = {1991}
}
@article{Idris1980,
        author = {Idris, A. A},
        journal = {Kansas Working Papers in Linguistics},
        pages = {1-14},
        title = {Modality in Malay},
        volume = {5},
        number = {1},
        year = {1980}
}
@article{Iljic1990,
        author = {Iljic, Robert},
        journal = {Lingua},
        pages = {301–326},
        title = {The verbal suffix \textit{–guo} in Mandarin Chinese and the notion of recurrence},
        volume = {81},
        year = {1990}
}
@book{Innes1966,
        address = {London},
        author = {Innes, Gordon},
        publisher = {School of Oriental and African Studies, University of London},
        title = {An introduction to Grebo},
        year = {1966}
}
@incollection{Izvorski1997,
        address = {Ithaca, NY},
        author = {Izvorski, Roumyana},
        booktitle = {Proceedings from Semantics and Linguistic Theory VII},
        editor = {Aaron Lawson},
        url = {http://www-bcf.usc.edu/~pancheva/evidentialperfect.pdf},
        pages = {222–239},
        publisher = {Cornell University},
        title = {The present perfect as an epistemic modal},
        year = {1997}
}
@article{Jackendoff1976,
        author = {Jackendoff, Ray},
        journal = {Linguistic Inquiry},
        pages = {89–150},
        title = {Toward an explanatory semantic representation},
        volume = {7},
        number ={1},
        year = {1976}
}
@book{Jackendoff1983,
        address = {Cambridge, MA},
        author = {Jackendoff, Ray},
        publisher = {MIT Press},
        title = {Semantics and cognition},
        year = {1983}
}
@book{Jespersen1924,
        address = {London},
        author = {Jespersen, Otto},
        publisher = {Allen \& Unwin},
        title = {The philosophy of grammar},
        year = {1924}
}
@book{Jespersen1931,
        address = { London: G.Allen and Unwin; Copenhagen: E. Munksgaard},
        author = {Jespersen, Otto},
        title = {A modern English grammar on historical principles, Part 4/ Syntax, Third Volume: Time and tense.},
        year = {1931}
}
@book{Jespersen1933,
        address = {London},
        author = {Jespersen, Otto},
        publisher = {G. Allen and Unwin; Reprinted by University of Alabama Press, 1964},
        title = {Essentials of English grammar},
        year = {1933}
}
@phdthesis{Johnston1994,
        author = {Johnston, Michael},
        title = {The syntax and semantics of adverbial adjuncts},
        school={University of California Santa Cruz},
        year = {1994}
}
@article{Kalisz1992,
        author = {Kalisz, Roman},
        journal = {Poznan Studies in Contemporary Linguistics},
        pages = {107–118},
        title = {Different cultures, different languages and different speech acts revisited},
        volume = {27},
        year = {1992}
}
@book{Katz1972,
        address = {New York},
        author = {Katz, Jerrold J.},
        publisher = {Harper and Row},
        title = {Semantic Theory},
        year = {1972}
}
@incollection{Katz1978,
        address = {New York},
        author = {Katz, Jerrold J.},
        booktitle = {Meaning and Translation},
        editor = {F. Guenthner and M. Guenthner-Reutter},
        pages = {191-234},
        publisher = {New York University Press},
        title = {Effability and Translation},
        year = {1978}
}
@article{KatzFodor1963,
        author = {Katz, Jerrold J. and Jerry A. Fodor},
        journal = {Language},
        pages = {170–210},
        title = {The structure of a semantic theory},
        volume = {39},
        year = {1963}
}
@book{Kearns2000,
        address = {New York},
        series ={Modern Linguistics series},
        author = {Kearns, Kate},
        publisher = {St. Martin’s Press},
        title = {Semantics},
        year = {2000}
}
@book{Kearns2011,
        author = {Kearns, Kate},
        title = {Semantics},
        edition ={2},
        publisher ={Palgrave Macmillan},
        year = {2011}
}
@book{Kempson1975,
        author = {Kempson, Ruth. M.},
        title = {Presupposition and the delimitation of semantics},
	publisher={Cambridge University Press},
        year = {1975}
}
@book{Kempson1977,
        address = {Cambridge},
        series ={Cambridge Textbooks in Linguistics},
        author = {Kempson, Ruth M.},
        publisher = {Cambridge University Press},
        title = {Semantic Theory},
        year = {1977}
}
@incollection{Kennedy2011,
        address = {Berlin},
        author = {Kennedy, Christopher},
        booktitle = {Semantics: An International Handbook of Natural Language Meaning},
        volume ={1},
        editor = {Claudia Maienborn and Klaus von Heusinger and Paul Portner},
        pages = {507–535},
        publisher = {Mouton de Gruyter},
        title = {Ambiguity and Vagueness: An Overview},
        year = {2011}
}
@article{KimSells2007,
        author = {Kim, Jong-Bok and Peter Sells},
        journal = {Journal of East Asian Linguistics},
        Volume ={16},
        number={4},
        url = {http://web.khu.ac.kr/~jongbok/research/final-papers/kor-hon-kim-sells.pdf},
        pages = {303-336},
        title = {Korean honorification: a kind of expressive meaning},
        year = {2007}
}
@article{Klein1992,
        author = {Klein, Wolfgang},
        journal = {Language},
        pages = {525–552},
        title = {The present perfect puzzle},
        volume = {68},
        year = {1992}
}
@book{Klein1994,
        address = {London},
        author = {Klein, Wolfgang},
        publisher = {Routledge},
        title = {Time in Language},
        year = {1994}
}
@article{KleinEtAl2000,
        author = {Klein, Wolfgang and Ping Li and Henriette Hendriks},
        journal = {Natural Language and Linguistic Theory},
        pages = {723–770},
        title = {Aspect and assertion in Mandarin Chinese},
        volume = {18},
        year = {2000}
}
@incollection{KoenigChief2008,
        author = {Koenig, J.-P. and L. C. Chief},
        editor = {O. Bonami and P. Cabredo Hofherr}, 
        booktitle={Empirical Issues in Syntax and Semantics},
        url ={http://www.cssp.cnrs.fr/eiss7/koenig-chief-eiss7.pdf},
        pages = {241–262},
        title = {Scalarity and state-changes in Mandarin (and other languages)},
        volume = {7},
        year = {2008}
}
@misc{KoenigMichelson2010,
        author = {Koenig, Jean-Pierre and Karin Michelson},
        title = {How to quantify over entities in Iroquoian},
        note ={Paper presented at the Society for the Study of the Indigenous Languages of the Americas, Baltimore, MD.},
        year = {2010}
}
@article{KoenigMuansuwan2000,
        author = {Koenig, J.-P. and N. Muansuwan},
        journal = {Journal of Semantics},
        pages = {147–184},
        title = {How to end without ever finishing: Thai semi-perfectivity},
        volume = {17},
        year = {2000}
}
@book{König1991,
        address = {London},
        author = {König, Ekkehard},
        publisher = {Routledge},
        title = {The meaning of focus particles: A comparative perspective},
        year = {1991}
}
@book{KönigEtAl1990,
        address = {Heidelberg},
        author = {König, Ekkehard and Detlef Stark and Susanne Requardt},
        publisher = {Julius Groos},
        title = {Adverbien und Partikeln: Ein deutschenglisches Wörterbuch [Adverbs and Particles: A German–English Dictionary]},
        year = {1990}
}
@article{Kratzer1986,
        author = {Kratzer, Angelika},
        journal = {Chicago Linguistics Society},
        number = {2},
        pages = {1–15},
        title = {Conditionals},
        volume = {22},
        year = {1986}
}
@misc{Kratzer1999,
        title= {Beyond ‘Ouch’ and ‘Oops’: How descriptive and expressive meaning interact. Comment on Kaplan’s paper at the Cornell Conference on Context Dependency},
        author = {Kratzer, Angelika},
        url = {http://semanticsarchive.net/Archive/WEwNGUyO/},
        year = {1999}
}
@book{Kroeger2005,
        address = {Analyzing grammar},
        author = {Kroeger, Paul},
        publisher = {An introduction},
        publisher = {Cambridge University Press},
        year = {2005}
}
@article{Kroeger2010,
        author = {Kroeger, Paul},
        journal = {Oceanic Linguistics},
        pages = {2–20},
        title = {The grammar of \textit{hitting}, \textit{breaking} and \textit{cutting} in Kimaragang Dusun},
        volume = {49},
        year = {2010}
}
@article{Kroeger2017,
        author = {Kroeger, Paul},
        journal = {Glossa: a journal of general linguistics},
        volume ={2},
        number ={1},
        pages = {1–29},
        title = {Frustration, culmination and inertia in Kimaragang grammar},
        volume = {56},
        year = {2017}
}
@misc{LaCross2016,
        author = {LaCross, Lisa},
        title = {Past temporal remoteness in Kimanianga},
        note ={Paper presented at the Texas Linguistic Society conference, Feb. 2016, Austin TX},
        year = {2016}
}
@article{Lakoff1970,
        author = {Lakoff, George},
        journal = {Linguistic Inquiry},
        pages = {357-359},
        title = {A note on vagueness and ambiguity},
        volume = {1},
        year = {1970}
}
@article{Langacker2001,
        author = {Langacker, Ronald W.},
        journal = {English Language and Linguistics},
        pages = {251–272},
        title = {The English present tense},
        volume = {5},
        year = {2001}
}
@book{Lee2008,
        address = {Seoul},
        author = {Lee, Sooman Noah},
        publisher = {The Altaic Society of Korea},
        title = {A grammar of Iranian Azerbaijani},
        year = {2008}
}
@book{Leech1971,
        address = {London},
        author = {Leech, G. N.},
        publisher = {Longman},
        title = {Meaning and the English verb},
        year = {1971}
}
@book{Levin1993,
        address = {Chicago, IL},
        author = {Levin, Beth},
        publisher = {University of Chicago Press},
        title = {English verb classes and alternations: A preliminary investigation},
        year = {1993}
}
@incollection{Levin2015,
        address = {Berlin},
        author = {Levin, Beth},
        booktitle = {Valency classes: A comparative handbook},
        editor = {A. Malchukov and B. Comrie},
        pages = {1627–1670},
        publisher = {De Gruyter},
        title = {Verb classes within and across languages},
        year = {2015}
}
@book{Levinson1983,
        author = {Levinson, Stephen C.},
        title = {Pragmatics},
	publisher={Cambridge University Press},
        year = {1983}
}
@book{Levinson2000,
        address = {Cambridge, MA},
        author = {Levinson, Stephen C.},
        publisher = {MIT Press},
        title = {Presumptive Meanings: The Theory of Generalized Conversational Implicature},
        year = {2000}
}
@book{Lewis1918,
        author = {Lewis, C.I},
        title = {Survey of symbolic logic},
        publisher ={University of California Press},
        year = {1918}
}
@book{Lewis1973a,
        address = {Oxford},
        author = {Lewis, David},
        publisher = {Blackwell},
        title = {Counterfactuals},
        year = {1973}
}
@article{Lewis1973b,
        author = {Lewis, David},
        journal = {Journal of Philosophy},
        pages = {556–567},
        title = {Causation},
        volume = {70},
        year = {1973}
}
@article{Lewis2000,
        author = {Lewis, David},
        journal = {Journal of Philosophy},
        pages = {182–97},
        title = {Causation as influence},
        volume = {97},
        year = {2000}
}
@book{LiThompson1981,
        address = {Berkeley, CA},
        author = {Li, Charles and Sandra Thompson},
        publisher = {University of California Press},
        title = {Mandarin Chinese: a functional reference grammar},
        year = {1981}
}
@article{Lin2007,
        author = {Lin, Jo-Wang},
        journal = {Journal of East Asian Linguistics},
        pages = {237–257},
        title = {Predicate restriction, discontinuity property and the meaning of the perfective marker \textit{guo} in Mandarin Chinese},
        volume = {16},
        year = {2007}
}
@mastersthesis{Lovestrand2012,
        author = {Lovestrand, Joseph},
        title = {The Linguistic Structure of Baraïn (Chadic},
        school ={Graduate Institute of Applied Linguistics},
        year = {2012}
}
@book{Lyons1995,
        address = {Linguistic semantics},
        author = {Lyons, John},
        publisher = {An introduction},
	publisher={Cambridge University Press},
        year = {1995}
}
@article{Ma1977,
        author = {Ma, Jing Sheng},
        journal = {Journal of the Chinese Language Teachers Association},
        number = {1},
        pages = {14–26},
        title = {Some Aspects of the Teaching of \textit{-guo} and -\textit{le}},
        volume = {12},
        year = {1977}
}
@article{Marques2004,
        author = {Marques, Rui},
        journal = {Journal of Portuguese Linguistics},
        pages = {89-109},
        title = {On the system of mood in European and Brazilian Portuguese},
        volume = {3},
        number ={1},
        year = {2004}
}
@book{Martin1987,
        address = {Orlando},
        author = {Martin, John N.},
        publisher = {Academic Press},
        title = {Elements of formal semantics: An introduction to logic for students of language},
        year = {1987}
}
@book{Martin1992,
        address = {Rutland, Vermont and Tokyo},
        author = {Martin, Samuel E.},
        publisher = {Charles E. Tuttle Company},
        title = {A Reference Grammar of Korean: A Complete Guide to the Grammar and History of the Korean Language},
        year = {1992}
}
@article{Matsumoto1995,
        author = {Matsumoto, Yo},
        journal = {Linguistics and Philosophy},
        pages = {21–60},
        title = {The conversational condition on Horn scales},
        volume = {18},
        year = {1995}
}
@article{Matthewson2010,
        author = {Matthewson, Lisa},
        journal = {Semantics and Pragmatics},
        pages = {1-74},
        title = {Cross-linguistic variation in modality systems: the role of mood},
        volume = {3},
        year = {2010}
}
@incollection{Matthewson2016,
        address = {Cambridge},
        author = {Matthewson, Lisa},
        booktitle = {Cambridge Handbook of Formal Semantics},
        editor = {Maria Aloni and Paul Dekker},
        pages = {525–559},
        publisher = {Cambridge University Press},
        title = {Modality},
        year = {2016}
}
@article{MatthewsonEtAl2007,
        author = {Matthewson, Lisa and Henry Davis and Hotze Rullmann},
        journal = {Linguistic Variation Yearbook},
        pages = {201-254},
        title = {Evidentials as epistemic modals: Evidence from St’át’imcets},
        volume = {7},
        year = {2007}
}
@article{McCawley1968,
        author = {McCawley, James D.},
        journal = {Foundations of Language},
        pages = {243–269},
        title = {Concerning the base component of a transformational grammar},
        volume = {4},
        year = {1968}
}
@incollection{McCawley1971,
        address = {New York},
        author = {McCawley, James D.},
        booktitle = {Studies in linguistic semantics},
        editor = {Langendoen and Fillmore},
        pages = {97–113},
        publisher = {Holt Rinehart},
        title = {Tense and time reference in English},
        year = {1971}
}
@book{McCawley1981a,
        address = {Chicago},
        author = {McCawley, James D.},
        publisher = {University of Chicago Press},
        title = {Everything that linguists have always wanted to know about logic but were ashamed to ask},
        year = {1981}
}
@article{McCawley1981b,
        author = {McCawley, James D.},
        journal = {Australian Journal of Linguistics},
        pages = {81–90},
        title = {Notes on the English perfect},
        volume = {1},
        year = {1981}
}
@article{McCloskey2001,
        author = {McCloskey, James},
        journal = {Journal of Linguistics},
        pages = {67–100},
        title = {The morphosyntax of WH-extraction in Irish},
        volume = {37},
        year = {2001}
}
@book{McCoard1978,
        address = {Amsterdam},
        author = {McCoard, Robert W.},
        publisher = {North-Holland Publishing Company},
        title = {The English perfect: Tense choice and pragmatic inferences},
        year = {1978}
}
@article{Meibauer2005,
        author = {Meibauer, Jörg},
        journal = {Journal of Pragmatics},
        pages = {1373–1399},
        title = {Lying and falsely implicating},
        volume = {37},
        year = {2005}
}
@book{Mellinkoff1970,
        author = {Mellinkoff, Ruth},
        number = {14},
        series = {California Studies in the History of Art},
        title = {The Horned Moses in Medieval Art and Thought},
        year = {1970}
}
@article{Michaelis1994,
        author = {Michaelis, Laura A.},
        journal = {Journal of Linguistics},
        pages = {111-157},
        title = {The ambiguity of the English present perfect},
        volume = {30},
        year = {1994}
}
@book{Michaelis1998,
        address = {London},
        author = {Michaelis, Laura A.},
        publisher = {Routledge},
        title = {Aspectual Grammar and Past-Time Reference},
        year = {1998}
}
@incollection{Michaelis2006,
        address = {Oxford},
        author = {Michaelis, Laura A.},
        booktitle = {The Handbook of English Linguistics},
        editor = {B. Aarts and A. MacMahon},
        pages = {220–234},
        publisher = {Blackwell},
        title = {Time and tense},
        year = {2006}
}
@article{Milsark1977,
        author = {Milsark, Gary L.},
        journal = {Linguistic Analysis},
        pages = {1-30},
        title = {Toward an explanation of certain peculiarities of the existential construction in English},
        volume = {3},
        year = {1977}
}
@article{MoensSteedman1988,
        author = {Moens, Marc and Mark Steedman},
        journal = {Computational Linguistics},
        number = {2},
        pages = {15–28},
        title = {Temporal ontology and temporal reference},
        volume = {14},
        year = {1988}
}
@article{Morton2004,
        author = {Morton, Adam},
        journal = {Analysis},
        number = {4},
        pages = {289–293},
        title = {Indicative versus subjunctive future conditionals},
        volume = {64},
        year = {2004}
}
@misc{Morzycki2013,
        author = {Morzycki, Marcin},
        title = {Modification},
        note ={Unpublished ms, Michigan State University. In preparation for the Cambridge University Press series \textit{Key Topics in Semantics and Pragmatics}.},
        year = {2013}
}
@phdthesis{Murray2010,
        author = {Murray, Sarah E.},
        title = {Evidentiality and the structure of speech acts},
        school ={Rutgers, The State University of New Jersey},
        year = {2010}
}

@article{Nida1951,
        author = {Nida, Eugene},
        journal = {Word},
        pages = {1-14},
        title = {A system for the description of semantic elements},
        volume = {7},
        year = {1951}
}
@article{Nunberg1979,
        author = {Nunberg, Geoffrey},
        journal = {Linguistics and Philosophy},
        pages = {143-184},
        title = {The non-uniqueness of semantic solutions: Polysemy},
        volume = {3},
        number = {2},
        year = {1979}
}
@article{Nunberg1995,
        author = {Nunberg, Geoffrey},
        journal = {Journal of Semantics},
        url = {http://people.ischool.berkeley.edu/~nunberg/JOS.pdf},
        pages = {109–132},
        title = {Transfers of meaning},
        volume = {12},
        number={2},
        year = {1995}
}
@incollection{NunbergZaenen1992,
        address = {Tampere},
        author = {Nunberg, Geoffrey and Annie Zaenen},
        booktitle = {Proceedings of Euralex II},
        editor = {H. Tommola and K. Varantola and T. Salmi-Tolonen and J. Schopp},
        pages = {387-398},
        publisher = {University of Tampere},
        title = {Systematic polysemy in lexicology and lexicography},
        year = {1992}
}

@book{Nurse2008,
        address = {New York},
        author = {Nurse, Derek},
        publisher = {Oxford University Press},
        title = {Tense and Aspect in Bantu},
        year = {2008}
}
@incollection{OlshtainCohen1989,
        address = {Norwood, N. J.},
        author = {Olshtain E. and A. D. Cohen},
        booktitle = {Transfer in language production},
        editor = {Hans W. Dechert and Manfred Raupach},
        pages = {53–68},
        publisher = {Ablex},
        title = {Speech act behaviour across languages},
        year = {1989}
}
@article{PaginWesterståhl2010,
        author = {Pagin, Peter and Dag Westerståhl},
        journal = {Philosophy Compass},
        pages = {265–282},
        title = {Compositionality II: Arguments and problems},
        volume = {5.3},
        year = {2010}
}
@article{Pak2008,
        author = {Pak, Miok},
        journal = {Korean Linguistics},
        pages = {113-155},
        title = {Types of clauses and sentence end particles in Korean},
        volume = {14},
        year = {2008}
}
@misc{PakEtAl2013,
        author = {Pak, Miok and Paul Portner and Raffaella Zanuttini},
        title = {Politeness, formality and main clause phenomena},
        note ={Handout for talk at LSA annual meeting, Jan. 2013},
        year = {2013}
}
@book{Palmer1986,
        author = {Palmer, F. R},
        title = {Mood and modality},
	publisher={Cambridge University Press},
        year = {1986}
}
@article{PanLee2004,
        author = {Pan, H. and P. Lee},
        journal = {Journal of Pragmatics},
        pages = {441–466},
        title = {The role of pragmatics in interpreting the Chinese perfective markers \textit{-guo} and \textit{-le}},
        volume = {36},
        year = {2004}
}
@article{Papafragou2006,
        author = {Papafragou, Anna},
        journal = {Lingua},
        pages = {1688–1702},
        title = {Epistemic modality and truth conditions},
        volume = {116},
        year = {2006}
}
@article{Partee1973,
        author = {Partee, Barbara Hall},
        journal = {The Journal of Philosophy},
        pages = {601–609},
        title = {Some structural analogies between tenses and pronouns in English},
        volume = {70},
        year = {1973}
}
@article{Pelletier2001,
        author = {Pelletier, Francis},
        journal = {Journal of Logic, Language and Information},
        pages = {87–114},
        title = {Did Frege believe Frege’s principle},
        volume = {10},
        year = {2001}
}
@book{PetersWesterståhl2006,
        address = {Oxford},
        author = {Peters, Stanley and Dag Westerståhl},
        publisher = {Clarendon Press},
        title = {Quantifiers in language and logic},
        year = {2006}
}
@book{Pinker1994,
        address = {New York},
        author = {Pinker, Steven},
        publisher = {W. Morrow and Co},
        title = {The language instinct},
        year = {1994}
}
@book{Pit2003,
        address = {Amsterdam},
        author = {Pit, Mirna},
        publisher = {Rodopi},
        title = {How to express yourself with a causal connective: Subjectivity and causal connectives in Dutch, German and French},
        year = {2003}
}
@article{Portner2003,
        author = {Portner, Paul},
        journal = {Linguistics and Philosophy},
        pages = {459–510},
        title = {The temporal semantics and modal pragmatics of the perfect},
        volume = {26},
        year = {2003}
}
@book{Potts2005,
        address = {Oxford},
        author = {Potts, Christopher},
        publisher = {Oxford University Press},
        title = {The logic of conventional implicatures},
        series ={Oxford Studies in Theoretical Linguistics},
        year = {2005}
}
@article{Potts2007a,
        author = {Potts, Christopher},
        journal = {Philosophy Compass},
        number = {2},
        pages = {665–679},
        title = {Into the conventional-implicature dimension},
        volume = {4},
        year = {2007}
}
@incollection{Potts2007b,
        address = {Oxford},
        author = {Potts, Christopher},
        booktitle = {The Oxford handbook of linguistic interfaces. Studies in Theoretical Linguistics},
        editor = {Gillian Ramchand and Charles Reiss},
        pages = {475–501},
        publisher = {Oxford University Press},
        title = {Conventional implicatures, a distinguished class of meanings},
        year = {2007}
}
@article{Potts2007c,
        author = {Potts, Christopher},
        journal = {Theoretical Linguistics},
        number = {2},
        pages = {165–197},
        title = {The expressive dimension},
        volume = {33},
        year = {2007}
}
@incollection{Potts2012,
        address = {Berlin},
        author = {Potts, Christopher},
        booktitle = {Semantics: An international handbook of natural language meaning},
        volume ={3},
        editor = {Claudia Maienborn and Klaus von Heusinger and Paul Portner},
        pages = {2516–2536},
        publisher = {Mouton de Gruyter},
        title = {The pragmatics of conventional implicature and expressive content},
        year = {2012}
}
@incollection{Potts2015,
        address = {Oxford},
        author = {Potts, Christopher},
        booktitle = {Wiley-Blackwell Handbook of Contemporary Semantics, second edition},
        editor = {Shalom Lappin and Chris Fox},
        pages = {168-202},
        publisher = {Wiley-Blackwell},
        title = {Presupposition and implicature},
        year = {2015}
}
@misc{Prince1982,
        address = {Grice and universality: A reappraisal},
        author = {Prince, Ellen F.},
        url = {ftp://babel.ling.upenn.edu/papers/faculty/ellen\_prince/grice.ps},
        note ={ms, University of Pennsylvania},
        year = {1982}
}
@book{Prior1957,
        author = {Prior, A. N.},
        title = {Time and modality},
        publisher ={Oxford University Press},
        year = {1957}
}
@book{Prior1967,
        author = {Prior, A. N.},
        title = {Past, present and future},
        publisher ={Oxford University Press},
        year = {1967}
}
@article{Pulte1985,
        author = {Pulte, William},
        journal = {International Journal of American Linguistics},
        pages = {543-44},
        title = {The experienced and non-experienced past in Cherokee},
        volume = {4},
        year = {1985}
}
@book{Pustejovsky1995,
        address = {Cambridge, MA},
        author = {Pustejovsky, James},
        publisher = {The MIT Press},
        title = {The Generative Lexicon},
        year = {1995}
}
@article{Quine1956,
        author = {Quine, W.V},
        journal = {Journal of Philosophy},
        pages = {177-187},
        title = {Quantifiers and propositional attitudes},
        volume = {53},
        year = {1956}
}
@book{Quine1960,
        address = {Cambridge, MA},
        author = {Quine, Willard van Orman},
        publisher = {MIT Press. \biberror{**check**}},
        title = {Word and Object},
        year = {1960}
}
@incollection{Ravin2000,
        address = {Oxford},
        author = {Ravin, Yael and Claudia Leacock},
        booktitle = {Polysemy: Theoretical and computational approaches, pp},
        editor = {Ravin and Leacock},
        pages = {91–110},
        publisher = {Oxford University Press},
        title = {Polysemy: An overview},
        year = {2000}
}
@book{Reichenbach1947,
        address = {London},
        author = {Reichenbach, Hans},
        publisher = {Macmillan},
        title = {Elements of Symbolic Logic},
        year = {1947}
}
@incollection{Recanati2004,
        address = {Oxford},
        author = {Recanati, François},
        booktitle = {The Handbook of Pragmatics},
        editor = {L. R. Horn and G. Ward},
        pages = {442–462},
        publisher = {Blackwell},
        title = {Pragmatics and semantics},
        year = {2004}
}
@article{Russell1905,
        author = {Russell, Bertrand},
        journal = {Mind},
        pages = {479–493},
        title = {On denoting},
        volume = {14},
        year = {1905}
}
@incollection{Sæbø1991,
        address = {Berlin},
        author = {Sæbø, Kjell Johan},
        booktitle = {Semantics: an International Handbook of Contemporary Research},
        editor = {Arnim von Stechow and Dieter Wunderlich},
        pages = {623–631},
        publisher = {Walter de Gruyter},
        title = {Causal and purposive clauses},
        year = {1991}
}
@incollection{Sæbø2011,
        address = {Berlin and New York},
        author = {Sæbø, Kjell Johan},
        booktitle = {Semantics: An international handbook of natural language meaning (Volume 2)},
        editor = {\biberror{Maienborn, von Heusinger and Portner}},
        pages = {1420–1441},
        publisher = {De Gruyter Mouton},
        title = {Adverbial clauses},
        year = {2011}
}
@book{Saeed2009,
        address = {Chichester, UK},
        author = {Saeed, John},
        publisher = {Wiley-Blackwell},
        title = {Semantics},
        edition ={3},
        year = {2009}
}
@book{SchachterOtanes1972,
        address = {Berkeley CA},
        author = {Schachter, Paul and Fe T. Otanes},
        publisher = {University of California Press},
        title = {Tagalog Reference Grammar},
        year = {1972}
}
@incollection{Scheffler2005,
        author = {Scheffler, Tatjana},
        title = {Syntax and semantics of causal \textit{denn} in German},
        booktitle={Proceedings of the 15th Amsterdam Colloquium, Amsterdam, Netherlands},
        year = {2005}
}
@phdthesis{Scheffler2008,
        author = {Scheffler, Tatjana},
        title = {Semantic operators in different dimensions},
        school={University of Pennsylvania},
        year = {2008}
}
@book{Scheffler2013,
        address = {Berlin, Boston},
        author = {Scheffler, Tatjana},
        publisher = {De Gruyter Mouton},
        title = {Two-dimensional semantics: Clausal adjuncts and complements},
        year = {2013}
}
@book{Searle1969,
        address = {Cambridge},
        author = {Searle, John},
        publisher = {Cambridge University Press},
        title = {Speech Acts: An Essay in the Philosophy of Language},
        year = {1969}
}
@phdthesis{Siegel1976,
        author = {Siegel, Muffy},
        title = {Capturing the Adjective},
        school ={University of Massachusetts},
        year = {1976}
}

@article{Singh1998,
        author = {Singh, Mona},
        journal = {Natural Language Semantics},
        pages = {171-199},
        title = {On the semantics of the perfective aspect},
        volume = {6},
        year = {1998}
}
@book{Smith1997,
        address = {Dordrecht},
        author = {Smith, Carlota},
        publisher = {Kluwer Academic},
        note ={1st edition 1991},
        title = {The Parameter of Aspect},
        edition ={2},
        year = {1997}
}
@incollection{SohKuo2005,
        address = {Dordrecht},
        author = {Soh, Hooi Ling and Jenny Yi-Chun Kuo},
        booktitle = {Perspectives on Aspect},
        editor = {Angeliek van Hout and Henriette de Swart and Henk Verkuyl},
        pages = {199–216},
        publisher = {Springer},
        title = {Perfective aspect and accomplishment situations in Mandarin Chinese},
        year = {2005}
}
@book{Sohn1999,
        author = {Sohn, Ho-Min},
        title = {The Korean Language},
        address ={New York},
        publisher ={Cambridge University Press},
        year = {1999}
}
@incollection{Stalnaker1968,
        series = {American Philosophical Quarterly Monograph Series},
        volume ={2},
        address={Oxford},
        author = {Stalnaker, Robert},
        booktitle = {Studies in Logical Theory},
        editor = {Nicholas Rescher},
        pages = {98–112},
        publisher = {Basil Blackwell},
        title = {A theory of conditionals},
        year = {1968}
}
@article{Stalnaker1973,
        author = {Stalnaker, Robert},
        journal = {Journal of Philosophical Logic},
        pages = {447-457},
        title = {Presuppositions},
        volume = {2},
        year = {1973}
}
@incollection{Stalnaker1974,
        address = {New York},
        author = {Stalnaker, Robert},
        booktitle = {Semantics and Philosophy},
        editor = {Milton K. Munitz and Peter K. Unger},
        pages = {197–213},
        publisher = {New York University Press},
        title = {Pragmatic Presuppositions},
        year = {1974}
}
@article{Strawson1950,
        author = {Strawson, Peter},
        journal = {Mind},
        note = {Reprinted in A. P. Martinich 1990, The Philosophy of Language. New York: Oxford University Press, pp. 219–234},
        pages = {320-344},
        title = {On referring},
        volume = {59},
        year = {1950}
}
@book{Strawson1952,
        address = {London},
        author = {Strawson, Peter},
        publisher = {Methuen},
        title = {Introduction to Logical Theory},
        year = {1952}
}
@book{Sun2011,
        address = {Variations in the \textit{ba} construction and its relevance to DP: A Minimalist perspective},
        author = {Sun, Chen-Chen},
        publisher = {ProQuest, UMI Dissertation Publishing},
        year = {2011}
}
@book{Svensén2009,
        address = {Cambridge},
        author = {Svensén, Bo},
        publisher = {Cambridge University Press},
        title = {A Handbook of Lexicography: The theory and practice of dictionary-making},
        year = {2009}
}
@book{Sweetser1990,
        address = {Cambridge},
        author = {Sweetser, Eve},
        publisher = {Cambridge University Press},
        title = {From etymology to pragmatics: Metaphorical and cultural aspects of semantic structure},
        year = {1990}
}
@article{Tannen1981,
        author = {Tannen, Deborah},
        journal = {Discourse Processes},
        volume ={4},
        url={http://faculty.georgetown.edu/tannend/pdfs/Indirectness_in_discourse.pdf},
        pages = {221–238},
        title = {Indirectness in discourse: Ethnicity as conversational style},
        number = {3},
        year = {1981}
}
@book{Tannen1986,
        address = {That’s not what I meant!},
        author = {Tannen, Deborah},
        publisher = {How conversational style makes or breaks relationships},
        publisher ={Ballantine},
        year = {1986}
}
@phdthesis{Tenny1987,
        author = {Tenny, Carol},
        title = {Grammaticalizing aspect and affectedness},
        school ={Department of Linguistics and Philosophy, MIT, Cambridge, Massachusetts},
        year = {1987}
}
@article{TonhauserEtAl2013,
        author = {Tonhauser, Judith and David Beaver and Craige Roberts and Mandy Simons},
        journal = {Language},
        pages = {66-109},
        title = {Towards a taxonomy of projective content},
        volume = {89},
        number ={1},
        year = {2013}
}
@article{Tuggy1993,
        author = {Tuggy, David},
        title = {Ambiguity, polysemy and vagueness},
        journal ={Cognitive Linguistics},
        volume ={4},
        pages = {273–290},
        number = {3},
        year = {1993}
}
@book{vanBenthem1988,
        address = {A Manual of Intensional Logic},
        edition ={2},
        address={Stanford, CA},
        author = {van Benthem, Johan},
        publisher = {CSLI},
        year = {1988}
}
@book{vanBenthem2010,
        address = {Stanford, CA},
        author = {van Benthem, Johan},
        publisher = {CSLI},
        title = {Modal Logic for open minds},
        year = {2010}
}
@book{VanValinLaPolla1997,
        address = {Cambridge},
        author = {Van Valin, Robert D. and Randy J. LaPolla},
        publisher = {Cambridge University Press},
        title = {Syntax: Structure, meaning and function},
        year = {1997}
}
@article{Vendler1957,
        author = {Vendler, Zeno},
        journal = {Philosophical Review},
        note = {Reprinted in Z. Vendler 1967, Linguistics in Philosophy, Ithaca: Cornell University Press, 97–121.},
        pages = {143–160},
        title = {Verbs and Times},
        volume = {66},
        year = {1957}
}
@thesis{Vogel2005,
        author = {Vogel, A.R},
        type ={Doctoral dissertation},
        title = {Jarawara Verb Classes},
        school ={University of Pittsburgh, Pittsburgh, PA.},
        year = {2005}
}
@incollection{vonFintel2006,
        address = {Detroit},
        author = {von Fintel, Kai},
        booktitle = {Encyclopedia of Philosophy – Second Edition},
        volume = {10},
        editor = {Donald M. Borchert},
        url = {http://mit.edu/fintel/www/modality.pdf},
        pages = {19–26},
        publisher = {MacMillan Reference USA},
        title = {Modality and Language},
        year = {2006}
}
@book{vonFintel2011,
        author = {von Fintel, Kai},
        booktitle = {Semantics: An international handbook of meaning}, 
        editors = {Klaus von Heusinger and Claudia Maienborn and Paul Portner},
        title = {Conditionals},
        year = {2011}
}
@incollection{vonFintel2012,
        address = {New York},
        author = {von Fintel, Kai},
        booktitle = {The Routledge companion to philosophy of language},
        editor = {Gillian Russell and Delia Graff Fara},
        pages = {466–477},
        publisher = {Routledge},
        title = {Subjunctive conditionals},
        year = {2012}
}
@article{vonFintelMatthewson2008,
        author = {von Fintel, Kai and Lisa Matthewson},
        journal = {The Linguistic Review},
        pages = {139–201},
        title = {Universals in Semantics},
        volume = {25},
        year = {2008}
}
@article{Waltereit2001,
        author = {Waltereit, Richard},
        title = {Modal particles and their functional equivalents: a speech-act-theoretic approach},
        journal ={Journal of Pragmatics},
        volume={33},
        pages = {1391-1417},
        number = {9},
        year = {2001}
}
@book{Weber1989,
        address = {Berkeley},
        author = {Weber, David J.},
        publisher = {University of California Press},
        title = {A grammar of Huallaga (Huánuco) Quechua},
        series={University of California Publications in Linguistics},
        number ={112},
        year = {1989}
}
@article{Wierzbicka1985,
        author = {Wierzbicka, Anna},
        journal = {Journal of Pragmatics},
        pages = {145–178},
        title = {Different languages, different cultures, different speech acts: English vs. Polish},
        volume = {9},
        year = {1985}
}
@article{Wu2008,
        author = {Wu, Jiun-Shiung},
        journal = {Journal of East Asian Linguistics},
        pages = {1–32},
        title = {Terminability, wholeness and the semantics of the experiential \textit{guo}},
        volume = {17},
        number={1},
        year = {2008}
}
@book{XiaoMcEnery2004,
        address = {Amsterdam/Philadelphia},
        author = {Xiao, Richard and Tony McEnery},
        publisher = {John Benjamins Publishing Company},
        title = {Aspect in Mandarin Chinese: a corpus-based study},
        year = {2004}
}
@article{Yeh1993,
        author = {Yeh, Meng},
        journal = {Journal of the Chinese Language Teachers Association},
        pages = {69–98},
        title = {Stative Situations and the imperfective \textit{-zhe} in Mandarin},
        volume = {28},
        year = {1993}
}
@article{Yeh1996,
        author = {Yeh, Meng},
        journal = {Journal of East Asian Linguistics},
        pages = {151–182},
        title = {An analysis of the experiential \textit{guo} in Mandarin: A temporal quantifier},
        volume = {5},
        year = {1996}
}
@book{ZimmermannSternefeld2013,
        address = {Berlin},
        author = {Zimmermann, Thomas and Wolfgang Sternefeld},
        publisher = {DeGryter Mouton},
        title = {Introduction to semantics: An essential guide to the composition of meaning},
        year = {2013}
}
@incollection{ZwickySadock1975,
        address = {New York},
        author = {Zwicky, Arnold and Jerry Sadock},
        booktitle = {Syntax and Semantics},
        volume ={4},        
        editor = {J. P. Kimball},
        pages = {1–36},
        publisher = {Academic Press},
        title = {Ambiguity tests and how to fail them},
        year = {1975}
}


@incollection{Bach2010, 
        author = {Bach, Kent},
        booktitle = {Explicit Communication: Robyn Carston’s Pragmatics,},
        editor = {\biberror{XXX Soria and XXX Romero}},
        pages = {126–137},
        publisher = {Palgrave},
        title = {Impliciture vs explicature: What’s the difference?},
        year = {2010}
}
 

@incollection{Baker1995,
	address = {Dordrecht and Boston},
	author = {Baker, Mark C},
	booktitle = {Quantification in Natural Languages},
	editor = {Bach, E. and E. Jelinek and A. Kratzer and B. H. Partee},
	pages = {21–58},
	publisher = {Kluwer Academic Publishers},
	title = {On the absence of certain quantifiers in Mohawk},
	year = {1995}
}



@incollection{Botne2012,
        address = {Oxford},
        author = {Botne, Robert},
        booktitle = {The Handbook of Tense and Aspect},
        editor = {R. Binnick},
        pages = {536–562},
        publisher = {Oxford University Press},
        title = {Remoteness distinctions},
        year = {2012}
}

@incollection{Aikhenvald2009,
        address = {Oxford, UK},
        author = {Aikhenvald, Alexandra Y.},
        booktitle = {The Semantics of Clause Linking: a cross-linguistic typology},
        editor = {Dixon, R. M. W., and Alexandra Aikhenvald},
        pages = {380–402},
        publisher = {Oxford University Press},
        title = {Semantics and grammar in clause linking},
        year = {2009}
}



@incollection{BhattPancheva2006,
	author = {Bhatt, R. and R. Pancheva},
	booktitle = {The Blackwell Companion to Syntax},
	volume ={1},
	pages = {638–687},
	publisher = {Blackwell},
	title = {Conditionals},
	year = {2006}
}



@incollection{Binnick2006,
	address = {Malden, MA},
	author = {Binnick, Robert I},
	booktitle = {The Handbook of English Linguistics},
	editor = {Bas Aarts and April McMahon},
	pages = {244–268},
	publisher = {Blackwell Publishing},
	title = {Aspect and aspectuality},
	year = {2006}
}
  @incollection{Bittner1995,
        address = {Dordrecht and Boston},
        author = {Bittner, Maria},
        booktitle = {Quantification in Natural Languages},
        editor = {Bach, E. and E. Jelinek and A. Kratzer and B. H. Partee},
        pages = {59–80},
        publisher = {Kluwer Academic Publishers},
        title = {Quantification in Eskimo: A challenge for compositional semantics},
        year = {1995}
}
 
 

@incollection{Carston1988,
	address = {Cambridge},
	author = {Carston, Robyn},
	booktitle = {Mental representations: The interface between language and reality},
	editor = {Kempson, R.},
	pages = {155–181},
	publisher = {Cambridge University Press},
	title = {Implicature, explicature and truth-theoretic semantics},
	year = {1988},
	note = {Reprinted in Davis, S. (ed.) (1991)}
}

@incollection{Chafe1976,
	address = {New York},
	author = {Chafe, Wallace L.},
	booktitle = {Subject and Topic},
	editor = {Charles N. Li},
	pages = {27–55},
	publisher = {Academic Press},
	title = {Givenness, contrastiveness, definiteness, subjects, topics and point of view},
	year = {1976}
}

@incollection{ChungTimberlake1985,
	author = {Chung, Sandra and Alan Timberlake},
	editor = {Timothy Shopen},
	pages = {202–258},
	title = {Tense, aspect, and mood},
	year = {1985}
}

@incollection{Cohen1971,
	address = {Dordrecht},
	author = {Cohen, L. Jonathan},
	booktitle = {Pragmatics of Natural Language},
	editor = {Y. Bar-Hillel},
	pages = {50-68},
	publisher = {Reidel},
	title = {The logical particles of natural language},
	year = {1971}
}

@incollection{Comrie1986,
	address = {Cambridge},
	author = {Comrie, Bernard},
	booktitle = {On Conditionals},
	editor = {Traugott, Elizatbeth C. and Alice ter Meulen and Judy Snitzer Reilly and Charles Ferguson},
	pages = {77–99},
	publisher = {Cambridge University Press},
	title = {Conditionals: a typology},
	year = {1986}
}

@incollection{deHaan2012,
	address = {Oxford},
	author = {de Haan, Ferdinand},
	booktitle = {The Oxford Handbook of Tense and Aspect},
	editor = {Robert I. Binnick},
	pages = {1020–1046},
	publisher = {Oxford University Press},
	title = {Evidentiality and mirativity},
	year = {2012}
}

@book{Egner2002,
  author={Egner, Inge},
  year={2002},
  title={The speech act of promising in an intercultural perspective},
  series ={SIL Electronic Working Papers},
  url={http://www.sil.org/silewp/2002/001/SILEWP2002-001.pdf}
  }

@incollection{Engelberg2011,
	address = {Berlin, New York},
	author = {Engelberg, Stefan},
	booktitle = {Semantics: An international handbook of natural language meaning},
	volume = {1},
	editor = {Claudia Maienborn and Klaus von Heusinger and Paul Portner},
	pages = {122–142},
	publisher = {de Gruyter},
	title = {Lexical Decomposition: Foundational Issues},
	year = {2011}
}

@incollection{Faller2003,
	address = {Amherst},
	author = {Faller, Martina},
	booktitle = {The Proceedings of SULA 2 (The Second Conference on the Semantics of Under-Represented Languages in the Americas),Vancouver, BC},
	editor = {Jan Anderssen and Paula Menendez-Benito and Adam Werle},
	pages = {19–33},
	publisher = {GLSA},
	title = {Propositional- and illocutionary-level evidentiality in Cuzco Quechua},
	year = {2003}
}

@incollection{Fillmore1970,
	address = {Washington, DC},
	author = {Fillmore, Charles},
	booktitle = {Readings in English transformational grammar},
	editor = {Roderick Jacobs and Peter Rosenbaum},
	pages = {120–33},
	publisher = {Georgetown University Press},
	title = {The grammar of \textit{hitting} and \textit{breaking}},
	year = {1970}
}

@incollection{Fillmore1977,
	series = {Syntax and Semantics},
	number ={8},
	address={New York},
	author = {Fillmore, Charles},
	booktitle = {Grammatical relations},
	editor = {Peter Cole and Jerrold Sadock},
	pages = {59–81},
	publisher = {Academic Press},
	title = {The case for case reopened},
	year = {1977}
}

@incollection{FillmoreAtkins2000,
	address = {Oxford},
	author = {Fillmore, Charles and Beryl T. Atkins},
	booktitle = {Polysemy: Theoretical and computational approaches},
	editor = {Ravin, Yael and Claudia Leacock},
	pages = {1–29},
	publisher = {Oxford University Press},
	title = {Describing Polysemy: The Case of ‘Crawl’},
	year = {2000}
}

@incollection{Franke2007,
	author = {Franke, Michael},
	booktitle = {Proceedings of the 16th Amsterdam Colloquium},
	editor = {Maria Aloni and Paul Dekker and Floris Roelofsen},
	pages = {91–96},
	title = {The pragmatics of biscuit conditionals},
	year = {2007},
	url={http://www.sfs.uni-tuebingen.de/~mfranke/Papers/AC07_Paper.pdf}
}


@article{Frege1892,
	author = {Frege, Gottlob},
	journal = {Zeitschrift für Philosophie und Philosophische Kritik},
	number = {111},
	pages = {25-50},
	title = {Über Sinn und Bedeutung},
	volume = {111},
	year = {1892},
	note = {Translated. as ‘On sense and reference’, in P. Geach and M. Black (eds.), Translations from the philosophical writings of Gottlob Frege. 56–78. Oxford: Blackwell}
	}

@incollection{Garson2016,
	author = {Garson, James},
	booktitle = {The Stanford Encyclopedia of Philosophy (Spring 2016 Edition).},
	editor = {Edward N. Zalta},
	title = {Modal Logic},
	url ={https://plato.stanford.edu/archives/spr2016/entries/logic-modal/},
	year = {2016}
}

@incollection{Goldberg2015,
	author = {Goldberg, Adele E},
	booktitle = {The Routledge Handbook of Semantics},
	editor = {Nick Reimer},
	pages = {419-433},
	publisher = {Routledge},
	title = {Compositionality},
	year = {2015}
}

@incollection{Green1990,
	author = {Green, Georgia},
	booktitle = {Berkeley Linguistics Society 16, Parasession on the Legacy of Grice},
	pages = {411–428},
	title = {The universality of Gricean interpretation},
	year = {1990}
}

@incollection{Greenberg1963,
	address = {Cambridge MA},
	author = {Greenberg, Joseph H},
	booktitle = {Universals of language},
	editor = {Greenberg},
	pages = {73–113},
	publisher = {MIT Press},
	title = {Some universals of grammar with particular reference to the order of meaningful elements},
	year = {1963},
	note = {2nd edition 1966}
}



@incollection{Grice1978,
	address = {New York},
	author = {Grice, H. Paul},
	series = {Syntax and Semantics},
	number ={9},
	booktitle ={Pragmatics},
	editor = {Cole, Peter and Jerry L. Morgan},
	pages = {113–127},
	publisher = {Academic Press},
	title = {Further notes on logic and conversation},
	year = {1978}
}

@incollection{Grice1981,
	address = {New York},
	author = {Grice, H. Paul},
	booktitle = {Radical pragmatics},
	editor = {Peter Cole},
	pages = {183–198},
	publisher = {Academic Press},
	title = {Presupposition and conversational implicature},
	year = {1981}
}

@incollection{GuersselEtAl1985,
	address = {Chicago},
	author = {Guerssel, Mohamed and Kenneth Hale and Mary Laughren and Beth Levin and Josie {White Eagle}},
	booktitle = {Papers from the parasession on causatives and agentivity at the 21st regional meeting},
	editor = {William Eilfort and Paul Kroeber and Karen Peterson},
	pages = {48–63},
	publisher = {Chicago Linguistic Society},
	title = {A crosslinguistic study of transitivity alternations},
	year = {1985}
}

@incollection{Gutierrez-Rexach2013,
	author = {Gutierrez-Rexach, Javier},
	booktitle = {Encyclopedia of Linguistics},
	editor = {Philipp Strazny},
	pages = {885–887},
	publisher = {Routledge},
	title = {Quantification},
	year = {2013}
}

@incollection{Hacquard2007,
	address = {Barcelona},
	author = {Hacquard, Valentine},
	booktitle = {Proceedings of Sinn und Bedeutung 11},
	editor = {E. Puig-Waldmüller},
	pages = {305–319},
	publisher = {Universitat Pompeu Fabra},
	title = {Speaker-Oriented vs. Subject-Oriented Modals: A Split in Implicative Behavior},
	year = {2007}
}

@incollection{Hacquard2011,
	address = {Berlin},
	author = {Hacquard, Valentine},
	booktitle = {Semantics: An International Handbook of Natural Language and Meaning},
	volume ={2},
	series = {HSK},
	number={33.2},
	editor = {Claudia Maienborn, Klaus von Heusinger and Paul Portner},
	pages = {1484–1515},
	publisher = {Walter de Gruyter},
	title = {Modality},
	year = {2011}
}

@incollection{Haspelmath1995,
	address = {Berlin},
	author = {Haspelmath, M},
	booktitle = {Converbs in cross-linguistic perspective: structure and meaning of adverbial verb forms – adverbial participles, gerunds},
	editor = {M. Haspelmath and E. König},
	pages = {1-55},
	publisher = {Mouton de Gruyter},
	title = {The converb as a cross-linguistically valid category},
	year = {1995}
}


@incollection{Hodges2016,
	author = {Hodges, Wilfrid},
	booktitle = {The Stanford Encyclopedia of Philosophy (Fall 2016 Edition).},
	editor = {Edward N. Zalta},
	title = {Modal Theory},
	url ={https://plato.stanford.edu/archives/fall2013/entries/model-theory/},
	year = {2016}
}

@incollection{Horn1992,
	address = {Ohio State University Working Papers in Linguistics, Volume 40. XX},
	author = {Horn, Laurence R},
	booktitle = {SALT II: Proceedings of the 2nd Semantics and Linguistic Theory Conference},
	editor = {Chris Barker and David Dowty},
	pages = {163–192},
	publisher = {YY},
	title = {The Said and the Unsaid},
	year = {1992},
	doi ={http://dx.doi.org/10.3765/salt.v2i0.3039}
}
@incollection{Horn1997,
	author = {Horn, Laurence R.},
	booktitle = {The Handbook of Contemporary Semantic Theory},
	editor = {Lappin, Shalom},
	pages = {209–319},
	publisher = {Blackwell Publishing},
	title = {Presupposition and implicature},
	year = {1997}
}

@incollection{Karagjosova2000,
	author = {Karagjosova, Elena},
	booktitle = {Proceedings of the ESSLLI 2000 Student Session, August 6-18, University of Birmingham, UK},
	editor = {Catherine Pilire},
	title = {A unified approach to the meaning and function of modal particles in dialogue},
	year = {2000}
}

@incollection{Karttunen1979,
	address = {New York},
	author = {Karttunen, Lauri and Stanley Peters},
	series = {Syntax and Semantics},
	number ={11},
	booktitle={Presupposition},
	editor = {Choon-Kyu Oh and David Dinneen},
	pages = {1–56},
	publisher = {Academic Press},
	title = {Conventional implicature},
	year = {1979}
}

@incollection{Keenan1974,
	address = {Georgetown},
	author = {Keenan, Elinor O.},
	booktitle = {Studies in Linguistic Variation: Semantics, Syntax, Phonology, Pragmatics, Social Situations, Ethnographic Approaches},
	editor = {Ralph W. Fasold and Roger W. Shuy},
	pages = {255–268},
	publisher = {Georgetown University Press},
	title = {The universality of conversational implicatures},
	year = {1974}
}

@incollection{Kiparsky2002,
	address = {Stanford CA},
	author = {Kiparsky, Paul},
	booktitle = {The Construction of Meaning},
	editor = {David I. Beaver and Luis D. Casillas Martínez and Brady Z. Clark and Stefan Kaufmann},
	publisher = {CSLI Publications},
	title = {Event structure and the perfect},
	year = {2002}
}

@incollection{KiparskyKiparsky1970,
	address = {The Hague},
	author = {Kiparsky, Paul and Carol Kiparsky},
	booktitle = {Progress in linguistics},
	editor = {Manfred Bierwisch and Karl Heidolph},
	pages = {143–173},
	publisher = {Mouton},
	title = {Fact},
	year = {1970},
	note ={Reprinted in L. Jakobovits and D. Steinberg (eds.), \textit{Semantics: An Interdisciplinary Reader}. Cambridge: Cambridge University Press, 1971.}
}

@incollection{Kitis2006,
	address = {Berlin and New York},
	author = {Kitis, Eliza},
	booktitle = {Language and memory: Aspects of knowledge representation},
	editor = {Hanna Pishwa},
	pages = {223–267},
	publisher = {Mouton de Gruyter},
	title = {Causality and subjectivity: the causal connectives of Modern Greek},
	year = {2006}
}

@incollection{Klein2009,
	address = {Berlin},
	author = {Klein, Wolfgang},
	booktitle = {The Expression of Time},
	editor = {Wolfgang Klein and Ping Li},
	pages = {5–38},
	publisher = {De Gruyter},
	title = {How time is encoded},
	year = {2009}
}

@incollection{Kratzer1981,
	address = {Berlin},
	author = {Kratzer, Angelika},
	booktitle = {Words, worlds, and contexts: New approaches in word semantics},
	editor = {H.-J. Eikmeyer and H. Rieser},
	pages = {38-74},
	publisher = {Mouton de Gruyter},
	title = {The notional category of modality},
	year = {1981}
}

@incollection{Kratzer1991,
	address = {Berlin},
	author = {Kratzer, Angelika},
	booktitle = {Semantics: An International Handbook of Contemporary Research},
	editor = {Arnim von Stechow and Dieter Wunderlich},
	pages = {639–650},
	publisher = {Mouton de Gruyter},
	title = {Modality},
	year = {1991}
}

@incollection{Kratzer1995,
	address = {Chicago},
	author = {Kratzer, Angelika},
	booktitle = {The generic book},
	editor = {G. N. Carlson and F. J. Pelletier},
	pages = {125–175},
	publisher = {University of Chicago Press},
	title = {Stage-level/individual-level predicates},
	year = {1995}
}

@incollection{Levinson1995,
	address = {Cambridge},
	author = {Levinson, Stephen C.},
	booktitle = {Grammar and Meaning: Essays in Honour of Sir John Lyons},
	editor = {F. R. Palmer},
	pages = {90-115},
	publisher = {Cambridge University Press},
	title = {Three levels of meaning},
	year = {1995}
}

@incollection{LevinsonAnnamalai1992,
	address = {Delhi},
	author = {Levinson, Stephen. C., and Annamalai, E.},
	booktitle = {Language and text: Studies in honour of Ashok R. Kelkar},
	editor = {R. N. Srivastava},
	pages = {227–242},
	publisher = {Kalinga Publications},
	title = {Why presuppositions aren’t conventional},
	year = {1992}
}

@incollection{Lewis1975,
	address = {Cambridge},
	author = {Lewis, David},
	booktitle = {Formal semantics of natural language},
	editor = {Edward Keenan},
	pages = {3–15},
	publisher = {Cambridge University Press},
	title = {Adverbs of quantification},
	year = {1975}
}

@book{Lyons1977,
	address = {Cambridge},
	author = {Lyons, John},
	publisher = {Cambridge University Press},
	title = {Semantics},
	year = {1977},
	note = {vols. 1-2}
}

@incollection{Matthewson2006,
	author = {Matthewson, Lisa},
	booktitle = {Proceedings of the 26th Meeting of the North-Eastern Linguistic Society},
	pages = {63–76},
	title = {Presupposition and cross-linguistic variation},
	year = {2006}
}

@incollection{Partee1995,
	address = {Cambridge, MA},
	author = {Partee, Barbara Hall},
	booktitle = {Invitation to Cognitive Science. Part I},
	edition ={2},
	editor = {Lila Gleitman and Mark Liberman},
	pages = {311-360},
	publisher = {Language MIT Press},
	title = {Lexical Semantics and Compositionality},
	year = {1995},
	note ={Prepublication version is available online at: \url{http://semanticsarchive.net/Archive/jhjMGYwM/BHP95Lexical SemanticsAndCompositionality.pdf}}

}
@incollection{Partee2007,
	address = {Amsterdam},
	author = {Partee, Barbara Hall},
	booktitle = {Cognitive Foundations of Interpretation},
	editor = {Bouma, Gerlof et al},
	pages = {145–161},
	publisher = {Royal Netherlands Academy of Arts and Sciences},
	title = {Compositionality and coercion in semantics: The dynamics of adjective meaning},
	year = {2007}
}

@incollection{Partee2008,
	address = {Amsterdam and Philadelphia},
	author = {Partee, Barbara Hall},
	booktitle = {Theoretical and Crosslinguistic Approaches to the Semantics of Aspect},
	editor = {Rothstein, Susan D.},
	pages = {291-320},
	publisher = {John Benjamins},
	title = {Negation, Intensionality, and Aspect: Interaction with NP Semantics},
	year = {2008}
}

@incollection{Podlesskaya2001,
	address = {Berlin},
	author = {Podlesskaya, Vera},
	booktitle = {Language Typology and Language Universals},
	volume ={2},
	editor = {Haspelmath, Martin and König, Ekkehard and Oesterreicher, Wulf and Raible, Wolfgang},
	pages = {998–1010},
	publisher = {Walter de Gruyter},
	title = {76. Conditional constructions},
	year = {2001}
}

@incollection{Portner2011,
	address = {Berlin},
	author = {Portner, Paul},
	booktitle = {Semantics: An international handbook of natural language meaning},
	editor = {Claudia Maienborn and Klaus von Heusinger and Paul Portner},
	pages = {1217–1261},
	publisher = {Mouton de Gruyter},
	title = {Perfect and progressive},
	year = {2011}
}

@incollection{Posner1980,
	address = {Dordrecht},
	author = {Posner, Roland},
	booktitle = {Speech act theory and pragmatics},
	editor = {Searle, John R. and Ferenc Kiefer and Manfred Bierwisch},
	pages = {168–203},
	publisher = {Reidel},
	title = {Semantics and pragmatics of sentence connectives in natural language},
	year = {1980}
}

@incollection{RappaportHovavLevin1998,
	address = {Stanford, CA},
	author = {Rappaport Hovav, Malka and Beth Levin},
	booktitle = {The projection of arguments: lexical and compositional factors},
	editor = {Miriam Butt and Wilhelm Geuder},
	pages = {97-134},
	publisher = {CSLI Publications},
	title = {Building verb meanings},
	year = {1998}
}

@incollection{Ritz2012,
	address = {Oxford},
	author = {Ritz, Marie-Eve},
	booktitle = {The Oxford Handbook of Tense and Aspect},
	editor = {Binnick, Robert I.},
	pages = {881–907},
	publisher = {Oxford University Press},
	title = {Perfect tense and aspect},
	year = {2012}
}

@incollection{Rundell2006,
	address = {Alessandria},
	author = {Rundell, Michael},
	booktitle = {Proceedings of 12th EURALEX International Congress},
	editor = {Corino E. and Marello C. and Onesti C.},
	publisher = {Edizioni Dell’Orso},
	title = {More than one way to skin a cat: why full-sentence definitions have not been universally adopted},
	year = {2006}
}

@incollection{Sadock1978,
	address = {New York},
	author = {Sadock, Jerry},
	series = {Syntax and Semantics},
	number ={9},
	booktitle={Pragmatics},
	editor = {Cole, Peter},
	pages = {281–297},
	publisher = {Academic Press},
	title = {On testing for conversational implicature},
	year = {1978}
}

@incollection{Searle1975,
	address = {New York},
	author = {Searle, John},
	series= {Syntax and Semantics},
	number ={3},
	booktitle={Speech Acts},
	editor = {P. Cole and J. L. Morgan},
	pages = {59–82},
	publisher = {Academic Press},
	title = {Indirect speech acts},
	year = {1975}
}

@incollection{Singh1991,
	author = {Singh, Mona},
	booktitle = {Proceedings of the Seventeenth Annual Meeting of the Berkeley Linguistics Society: General Session and Parasession on The Grammar of Event Structure},
	pages = {469–479},
	title = {The perfective paradox or how to eat your cake and have it too},
	year = {1991}
}

@incollection{Szabolcsi2015,
	author = {Szabolcsi, Anna},
	booktitle = {The Routledge Handbook of Semantics},
	editor = {Nick Riemer},
	pages = {320–337},
	publisher = {Routledge},
	title = {Varieties of quantification},
	year = {2015}
}

@incollection{Tannen1975,
	address = {San Jose},
	author = {Tannen, Deborah},
	booktitle = {San Jose State Occasional Papers in Linguistics},
	pages = {205-211},
	publisher = {San Jose State University},
	title = {Communication Mix and Mixup, or How Linguistics Can Ruin a Marriage},
	year = {1975}
}

@incollection{ThompsonEtAl2007,
	address = {Cambridge},
	author = {Thompson, Sandra A. and Robert E. Longacre and Shin Ja J. Hwang},
	booktitle = {Language typology and syntactic description},
	volume ={2},
	edition ={2},
	editor = {Timothy Shopen},
	pages = {237-300},
	publisher = {Cambridge University Press},
	title = {Adverbial clauses},
	year = {2007}
}

@incollection{vanderAuwera1986,
	address = {Cambridge},
	author = {van der Auwera, Johan},
	booktitle = {On Conditionals},
	editor = {Traugott, Elizatbeth C. and Alice ter Meulen and Judy Snitzer Reilly and Charles Ferguson},
	pages = {197–214},
	publisher = {Cambridge University Press},
	title = {Conditionals and speech-acts},
	year = {1986}
}

@incollection{vanderAuweraAmmann2013,
	address = {Leipzig},
	author = {van der Auwera, Johan and Andreas Ammann},
	booktitle = {The World Atlas of Language Structures Online},
	editor = {Dryer, Matthew S. and Haspelmath, Martin},
	publisher = {Max Planck Institute for Evolutionary Anthropology},
	title = {Overlap between situational and epistemic modal marking},
	year = {2013},
	url={http://wals.info/chapter/76}
}


@incollection{vonFintel2004,
	address = {Oxford},
	author = {von Fintel, Kai},
	booktitle = {Descriptions and beyond: An interdisciplinary collection of essays on definite and indefinite descriptions and other related phenomena},
	editor = {Anne Bezuidenhout and Marga Reimer},
	pages = {315–341},
	publisher = {Oxford University Press},
	title = {Would you believe it? The king of France is back! Presuppositions and truth-value intuitions},
	year = {2004}
}

@incollection{vonHeusinger2011,
	address = {Berlin},
	author = {von Heusinger,  Klaus},
	booktitle = {Semantics: An International Handbook of Natural Language Meaning},
	volume ={2},
	editor = {K. von Heusinger and C. Maienborng and P. Portner},
	pages = {1024-1057},
	publisher = {de Gruyter},
	title = {Specificity},
	year = {2011}
}

@article{Wu2009,
	author = {Wu, Jiun-Shiung},
	journal = {Taiwan Journal of Linguistics},
	pages = {1–24},
	title = {Aspectual influence on temporal relations: a case study of the experiential \textit{guo} in Mandarin},
	volume = {7},
	number ={2},
	year = {2009}
}


@incollection{Zalta2017,
        author = {Zalta, Edward N.},
        title = {Gottlob Frege},
        editor={E. Zalta},
        booktitle={The Stanford Encyclopedia of Philosophy (Spring 2017 Edition)},
        publisher={Stanford University},
        url = {https://plato.stanford.edu/archives/spr2017/entries/frege/},
        year = {2011}
}

@incollection{Zimmermann2011,
	address = {Berlin},
	author = {Zimmermann, Malte},
	booktitle = {Semantics},
	series={Handbücher zur Sprach- und Kommunikationswissenschaft},
	number ={33.2},
	editor = {P. Portner and C. Maienborn und K. von Heusinger},
	pages = {2011-2038},
	publisher = {Mouton de Gruyter},
	title = {Discourse Particles},
	year = {2011}
}